@article{DBLP:journals/corr/abs-1806-01261,
  author    = {Peter W. Battaglia and
               Jessica B. Hamrick and
               Victor Bapst and
               Alvaro Sanchez{-}Gonzalez and
               Vin{\'{\i}}cius Flores Zambaldi and
               Mateusz Malinowski and
               Andrea Tacchetti and
               David Raposo and
               Adam Santoro and
               Ryan Faulkner and
               {\c{C}}aglar G{\"{u}}l{\c{c}}ehre and
               Francis Song and
               Andrew J. Ballard and
               Justin Gilmer and
               George E. Dahl and
               Ashish Vaswani and
               Kelsey Allen and
               Charles Nash and
               Victoria Langston and
               Chris Dyer and
               Nicolas Heess and
               Daan Wierstra and
               Pushmeet Kohli and
               Matthew Botvinick and
               Oriol Vinyals and
               Yujia Li and
               Razvan Pascanu},
  title     = {Relational inductive biases, deep learning, and graph networks},
  journal   = {CoRR},
  year      = {2018},
  archivePrefix = {arXiv},
  eprint    = {1806.01261},
}
@article{Hinshaw:2012aka,
      author         = "Hinshaw, G. and others",
      title          = {Nine-Year Wilkinson Microwave Anisotropy Probe (WMAP)
                        Observations: Cosmological Parameter Results},
      collaboration  = "WMAP",
      journal        = "Astrophys. J. Suppl.",
      volume         = "208",
      year           = "2013",
      pages          = "19",
      doi            = "10.1088/0067-0049/208/2/19",
      eprint         = "1212.5226",
      archivePrefix  = "arXiv",
      primaryClass   = "astro-ph.CO",
      SLACcitation   = "%%CITATION = ARXIV:1212.5226;%%"
}
@article{Aghanim:2018eyx,
      author         = "Aghanim, N. and others",
      title          = "{Planck 2018 results. VI. Cosmological parameters}",
      collaboration  = "Planck",
      year           = "2018",
      eprint         = "1807.06209",
      archivePrefix  = "arXiv",
      primaryClass   = "astro-ph.CO",
      SLACcitation   = "%%CITATION = ARXIV:1807.06209;%%"
}
@article{Qasim:2019otl,
      author         = "Qasim, Shah Rukh and Kieseler, Jan and Iiyama, Yutaro and
                        Pierini, Maurizio",
      title          = "{Learning representations of irregular particle-detector
                        geometry with distance-weighted graph networks}",
      year           = "2019",
      eprint         = "1902.07987",
      archivePrefix  = "arXiv",
      primaryClass   = "physics.data-an",
      SLACcitation   = "%%CITATION = ARXIV:1902.07987;%%"
}
